23700000         213676094000165393678              03127 0000000077976 OLIVEIRA FORMATURAS E EVENTOS BRADESCO                                2090820221158180000010890000000000000BRAD                                                         
23700011C2031040 213676094000165393678              03127 0000000077976 OLIVEIRA FORMATURAS E EVENTOS                                         David Geronasso               00587               Curitiba            82540150PR                  
2370001300001J00034195911900000137751090034203630762121713000BRL EVENTOS EIRELI   ME       250920220000000000137750000000000000000000000000000000908202200000000001377500000000000000019                  19                  09      BD        
2370001300002J   522013676094000165Oliveira Formaturas                     2020136193000110BRL EVENTOS EIRELI   ME                 2020136193000110Brl Eventos                                                                                  
23700015         000004000000000000013775000000000000000000000000                                                                                                                                                                               
23799999         000001000006                                                                                                                                                                                                                   
