34100000      080213676094000165                    03702 000000017514 6OLIVEIRA FORMATURAS E EVENTOS BANCO ITAU                              21008202214385500000000000000                                                                     
34100011C2045040 213676094000165                    03702 000000017514 6OLIVEIRA FORMATURAS E EVENTOS                                         DAVID GERONASSO               00587               CURITIBA            82540150PR                  
3410001300001A00000900000000 000000000000 0LEANDRO FERREIRA MARCELLI     50                  10082022REA000000000400000000000000000121544634436950009     10082022000000000000121                    00000000000097607900            0BD        
3410001300002B01 100000097607900                              00000000000000000000000000000000000000000000000000000000000000000+5541997780000                                                                                                   
3410001300003A00000900000000 000000000000 0ISABEL FARIAS                 51                  10082022REA000000000400000000000000000122544634436950010     10082022000000000000122                    00000000000056701900            0BD        
3410001300004B02 100000056701900                              00000000000000000000000000000000000000000000000000000000000000000SECRETARIAISABELCUNHA@GMAIL.COM                                                                                  
3410001300005A00000900000000 000000000000 0LEANDRO FERREIRA MARCELLI     52                  10082022REA000000000400000000000000000123                    00000000000000000000000                    00000000000097607900            0RJNR      
3410001300006B03 100000097607900                              00000000000000000000000000000000000000000000000000000000000000000000.976.079-00                                                                                                   
3410001300007A00000900000000 000000000000 0LEANDRO FERREIRA MARCELLI     53                  10082022REA000000000400000000000000000124                    00000000000000000000000                    00000013053435000146            0RJNR      
3410001300008B03 213053435000146                              00000000000000000000000000000000000000000000000000000000000000000000053.435/0001-46                                                                                               
3410001300009A00000900000000 000000000000 0LEANDRO FERREIRA MARCELLI     54                  10082022REA000000000400000000000000000125544634436950011     10082022000000000000125                    00000013053435000146            0BD        
3410001300010B04 213053435000146                              000000000000000000000000000000000000000000000000000000000000000005A087227-512C-44F5-A514-67186071958A                                                                             
34100015         000012000000000000000615000000000000000000                                                                                                                                                                                     
34199999         000001000014                                                                                                                                                                                                                   
